@book{latex,
  title = {LaTeX : A Documentation Preparation System User's Guide and Reference Manual},
  publisher = {Addison-Wesley Professional},
  year = {1994},
  author = {Leslie Lamport}
}

@electronic{cyberincidents,
    author={CSIS},
    title= {Significant Cyber Incidents},
    year = 2022,
    url  = {https://www.csis.org/programs/strategic-technologies-program/significant-cyber-incidents},
    urldate = {2022-07-12}
}

@inproceedings {191767,
author = {Tom Chothia and Chris Novakovic},
title = {An Offline Capture The {Flag-Style} Virtual Machine and an Assessment of Its Value for Cybersecurity Education},
booktitle = {2015 USENIX Summit on Gaming, Games, and Gamification in Security Education (3GSE 15)},
year = {2015},
address = {Washington, D.C.},
url = {https://www.usenix.org/conference/3gse15/summit-program/presentation/chothia},
publisher = {USENIX Association},
month = aug,
}